@book{joshi2025agentic,
  author    = {Satyadhar Joshi},
  title     = {Agentic Gen AI For Financial Risk Management},
  year      = {2025},
  isbn      = {9798230094388},
  url       = {https://books2read.com/u/380D67},
  publisher = {Draft2Digital}
}